2286 3782
363 889 675 962 PRAEFATIO.

109 1193 193 1260 Quia
208 1213 255 1250 me
270 1191 435 1270 impulerint
449 1193 486 1251 ad
500 1193 574 1251 hanc
589 1190 704 1252 Graecae
719 1203 844 1270 'poeseos
857 1192 920 1250 edi·

110 1300 223 1357 tionem
235 1296 457 1375 suscipiendam,
468 1298 498 1355 in
508 1297 590 1356 initio
601 1297 698 1375 operis
708 1297 781 1356 libet
791 1296 920 1374 praefari.

114 1404 226 1464 Multae
251 1403 409 1462 identidem
436 1403 465 1460 in
491 1403 587 1462 lucem
614 1403 784 1481 prodierunt
808 1402 922 1460 Antho-

112 1509 204 1588 logiae
218 1509 247 1567 in
260 1509 366 1586 quibus
380 1507 542 1586 fragmenta
555 1519 737 1566 vetustorum
750 1505 924 1566 Graecorum

113 1615 227 1694 optime
240 1614 432 1672 exhibentur:
451 1612 503 1670 sed
516 1611 625 1672 nullam
638 1611 733 1671 adhuc
746 1624 848 1672 extare
861 1612 924 1672 edi-

115 1721 238 1788 tionem,
253 1719 282 1776 in
301 1718 359 1795 qud
378 1717 474 1776 omnia
494 1717 675 1795 Scriptorum
694 1715 748 1776 Gr.
764 1715 925 1787 Minorum,

115 1843 222 1884 corum
236 1823 338 1882 saltem
350 1823 403 1906 qui
419 1821 547 1882 melioris
560 1833 637 1881 notae
650 1821 842 1901 appellantur,
857 1842 925 1881 con·

117 1931 281 1988 cinerentur
294 1948 392 2007 opera,
407 1928 458 1986 diu
478 1947 533 2006 ego
552 1927 763 2006 deplorandum
782 1927 926 2006 reputavi.

118 2034 199 2100 Quae
210 2033 325 2092 sumita
337 2045 442 2102 essent,
452 2053 577 2110 cumque
587 2032 661 2092 adeo
671 2053 750 2111 saepe
761 2033 791 2091 in
801 2044 929 2092 mentem

118 2139 306 2208 occurrisset,
328 2137 527 2216 cujuscunque
552 2157 615 2197 esse
640 2138 757 2216 ingenii,
778 2159 832 2216 pro
852 2137 930 2197 virili

119 2254 205 2323 parte
224 2243 254 2301 in
270 2242 324 2302 hdc
344 2243 465 2302 materid
480 2243 623 2312 laborare,
638 2255 668 2301 et
684 2255 762 2302 certe
783 2242 929 2320 colligere,

120 2369 192 2426 quae
220 2347 319 2407 forsan
341 2348 405 2407 aliis
432 2349 618 2408 accuratioris
644 2368 743 2426 operae
766 2350 932 2426 praeberent

119 2453 316 2522 occasionem,
334 2453 447 2512 accinxi
465 2473 512 2512 me
530 2453 568 2512 ad
586 2453 663 2512 hunc
679 2453 825 2522 laborem3
848 2451 932 2531 cujus

119 2557 302 2618 existimatio
320 2577 503 2636 nequaquam
521 2571 565 2618 est
583 2579 621 2617 ex
640 2557 762 2617 aliorum
781 2577 932 2635 compara

121 2665 205 2722 tione
224 2663 409 2722 instituenda.
452 2663 528 2722 Satis
547 2665 617 2722 mihi
637 2664 725 2723 fuerit
742 2663 933 2742 cougregdsse

122 2767 288 2838 materiam,
316 2789 404 2846 quam
434 2769 579 2828 excelsius
613 2769 760 2847 quoddam
787 2768 934 2846 ingenium

121 2871 214 2932 altius
236 2873 370 2933 solicitet.
415 2873 505 2940 Quod
525 2875 563 2935 ad
586 2875 812 2954 typographicos
832 2874 936 2934 attinet

121 2997 251 3047 errores,
266 2976 354 3056 (quos
368 2978 462 3038 nullos
477 2999 540 3038 esse
560 2980 678 3039 minime
697 2999 784 3038 ausus
804 2980 858 3038 sim
871 2979 935 3058 jec-

123 3081 215 3158 tare‚)
230 3096 362 3144 curatum
381 3097 435 3154 est,
450 3086 474 3144 si
494 3085 544 3163 qui
564 3085 673 3144 inventi
694 3085 759 3155 sint,
780 3097 812 3143 ut
832 3085 861 3142 in
880 3083 937 3141 lina
