2222 3772
624 435 661 494 70

284 590 364 654 καιρὸν
376 588 527 648 θωπεύοντες,
540 589 600 648 ίπὴν
610 587 753 653 κορέσασθαι
765 585 862 651 ἔχωσιν

284 669 413 732 ἀχθύμενοι
424 670 444 718 δ’
455 669 547 730 ὀλίγοις
558 668 597 717 καί
608 671 717 728 πολλοῖς,
729 667 817 719 πάντες
829 668 950 726 ἀπληστοι

316 753 368 813 λαῷ
377 752 411 812 μὴ
422 751 529 800 πίστευε·
544 748 694 812 πολύτροπύς
706 751 773 798 ἐστιν
783 749 872 810 δμιλος.

249 875 255 884 .
284 832 344 883 λαύς
354 852 398 892 τοι,
411 833 450 882 καί
462 833 527 895 ύδαρ,
540 830 579 879 καί
590 831 641 892 πῦρ,
654 827 813 892 ἀκατάσχετα
823 826 907 876 πάντα

316 913 377 974 μηδὲ
387 911 466 974 μάτην
477 913 515 960 ἐπὶ
526 913 572 974 πῦρ
582 909 681 960 καθίσας
691 909 787 973 μινύθης
798 909 871 971 φίλον
880 907 941 969 ἦτορ

283 991 360 1054 μέτρα
370 991 396 1040 δὲ
406 994 482 1054 τεῦχε
493 993 575 1040 θεοῖσι·
591 989 620 1038 τδ
631 989 678 1053 ηδρ
688 988 776 1053 μέτρον
787 989 855 1038 ἐστίν
865 988 962 1050 ἀριστον.

314 1074 389 1132 τραῖαν
400 1072 562 1134 έπιμοιράσθαι
574 1069 717 1133 ἀταρχύτοις
727 1069 846 1118 νεκύεσσι

284 1152 318 1212 μὴ
328 1151 422 1212 τύμβον
432 1149 545 1213 φθιμένου
556 1148 673 1213 ἀνορύξης,
684 1148 739 1210 μήδ’
751 1147 840 1197 ἀθέατα
928 1161 930 1166 ’

286 1231 362 1295 δείξῃς
372 1231 453 1292 ἠελίῳ,
466 1230 504 1280 καί
516 1228 634 1290 δαιμύνιον
644 1229 723 1291 χόλον
734 1228 811 1291 δροης.

286 1313 313 1358 οίι
325 1311 400 1360 καλδν
411 1308 523 1373 ἁρμονίην
534 1307 665 1370 ἀναλυέμεν
677 1308 810 1371 ἀνθρώποιο.

285 1391 325 1440 καί
335 1389 403 1454 τάχα
413 1391 433 1438 δ’
446 1392 473 1438 έκ
483 1390 554 1451 ’γαίης
566 1388 694 1450 ἐλπίζομεν
705 1391 730 1438 ές
740 1387 801 1451 φάος
813 1390 892 1438 έλθεῖν

286 1471 379 1534 λείψαν’
390 1469 562 1534 ἀποιχομένων
579 1468 654 1518 δπίσιο
665 1468 691 1517 δὲ
702 1469 751 1518 θεοί
761 1468 908 1518 τελέθοντιιι.

286 1551 362 1615 ψυχαί
372 1549 554 1615 ’γὰρμίμνουσιν
564 1549 654 1613 ἀκήριοι
667 1549 840 1612 ένφθιμένοισι.
901 1545 902 1548 ’
996 1587 1000 1618 ,Ι

286 1634 379 1692 πνεῦμα
388 1629 436 1693 γάρ
448 1633 500 1680 ἐστι
512 1633 566 1679 θεοῦ
576 1633 663 1694 χρῆσις
674 1631 781 1688 θνητοῖσι
792 1631 831 1679 καὶ
843 1630 919 1679 είκούν·

287 1712 385 1772 σῶμαδ
398 1711 433 1774 ἀρ’
445 1712 472 1759 ἐκ
483 1709 554 1771 γαίης
565 1709 660 1772 ἔχομεν,
673 1710 712 1758 καί
723 1711 772 1758 πᾶν
782 1707 832 1759 τάδ’
845 1713 869 1760 ἐς
880 1710 953 1768 αὐτὴν

156 1790 159 1798 ’
190 1804 191 1808 ’
286 1789 403 1852 λυύμενον
413 1789 476 1840 κιίνις
488 1788 562 1839 ἐστίν’
580 1789 655 1851 ἀὴρδ
667 1789 712 1837 ἀνὰ
721 1792 815 1850 πνεῦμα
826 1790 939 1839 δέδεκται

319 1869 426 1920 πλούτου
436 1872 469 1932 μὴ
480 1869 571 1934 φείδου·
586 1867 686 1931 μέμνητ’
699 1869 736 1918 ὅτι
745 1871 832 1929 θνητδς
844 1871 960 1934 ὑπάρχεις.

288 1951 331 1998 οὐκ
343 1950 375 1998 ἔν’
387 1953 412 1999 ές
422 1951 496 2008 Αίδην
507 1951 583 2006 ύλβον
594 1951 666 2013 ἔχειν,
680 1951 719 1999 καὶ
730 1950 834 2013 χρήματ’
846 1951 950 2013 ἄγεσθαι

287 2026 376 2078 πάντες
385 2030 434 2078 ίσοι
445 2027 534 2079 νέκυες·
550 2033 634 2093 ψυχαῖν
645 2029 671 2079 δὲ
682 2031 734 2080 θεδς
745 2031 876 2086 βασιλεύει

288 2108 355 2158 κοινά
365 2107 472 2172 μέλαθρα
483 2109 560 2170 δόμων
571 2109 656 2169 αίάνια,
669 2111 708 2159 καί
719 2110 803 2174 πατρὶς
814 2111 893 2170 Αίδης·

288 2190 355 2253 ξυνὸς
366 2193 443 2254 χοῖρος
454 2188 535 2246 άπασι,
546 2189 634 2248 πένησί
642 2209 672 2238 τε
683 2191 722 2239 καὶ
733 2193 883 2246 βασιλεῦσιν.

289 2272 316 2319 ού
327 2271 405 2319 πολὺν
415 2270 530 2333 ἀνθραποι
541 2268 617 2330 ζῶμεν
627 2267 721 2334 χρόνον,
735 2270 791 2318 ἀλλ’
804 2271 843 2319 ἀτί
854 2270 941 2335 καιρύν·

288 2350 355 2414 ψυχὴ
367 2349 387 2398 δ’
399 2347 515 2398 ἀθάνατος
526 2349 564 2397 καῖ
576 2348 669 2412 ἀγίιροις
680 2347 710 2414 ζῇ
721 2349 758 2398 διά
769 2349 864 2400 παντάς.

320 2429 382 2491 μήτε
393 2431 474 2478 κακοῖς
486 2429 568 2490 ἀχθου,
580 2429 636 2489 μύττ’
648 2428 690 2478 οὖν
701 2428 842 2491 έπαγάλλεο
853 2431 939 2495 χάρμη.
995 2449 997 2454 ·

290 2507 373 2559 πολλά
383 2527 421 2558 τοι
433 2511 459 2558 ἐν
470 2509 543 2570 βιάτιρ
554 2508 593 2556 καί
605 2509 772 2570 θαρσαλέοισιν
783 2510 879 2560 ἀπιστα.

291 2591 362 2654 καιρῷ
372 2588 502 2652 λατρεύειν,
515 2587 569 2649 μήδ’
580 2587 713 2638 ἀντιπνέειν
724 2588 836 2650 ἀνέμοισι

290 2671 363 2729 πῆμα,
377 2669 415 2717 καὶ
427 2666 580 2730 ἀχθομένοισι
591 2670 665 2716 κακοῦ
676 2667 745 2718 λύσις
755 2669 844 2726 ἤλυθεν
854 2671 926 2731 άφνοο.

322 2749 355 2810 μὴ
366 2747 558 2811 μεγαληγορίησι
569 2751 664 2810 τρυφῶν
674 2747 749 2810 ’φρένα
759 2749 913 2809 λυσσαθείης.

292 2826 387 2895 εύεπίην
398 2827 487 2884 ἀσκεῖν,
499 2828 515 2885 ἢ
525 2845 562 2876 τις
572 2827 639 2887 μάλα
649 2826 740 2878 πάντας
751 2827 838 2887 ἀνήσει

290 2907 366 2956 ίίπλον
376 2927 414 2956 τοι
425 2906 499 2968 λόγος
511 2907 575 2968 ἀνδρὶ
585 2906 720 2970 τομύτερύν
731 2910 784 2957 ἐστι
795 2909 897 2972 σιδίτρου.

1086 2891 1088 2983 ί
